<record xmlns="http://www.loc.gov/MARC21/slim" xmlns:xsi="http://www.w3.org/2001/XMLSchema-instance" xsi:schemaLocation="http://www.loc.gov/MARC21/slim http://www.loc.gov/standards/marcxml/schema/MARC21slim.xsd">

  <leader>00712nab a2200181   4500</leader>
  <datafield ind1=" " tag="999" ind2=" ">
    <subfield code="c">2572</subfield>
    <subfield code="d">2572</subfield>
  </datafield>
  <controlfield tag="008">150518b1998    cl ||||| |||| 00| 0 spa d</controlfield>
  <datafield ind2=" " tag="090" ind1=" ">
    <subfield code="a">REVIS 15.04.04</subfield>
  </datafield>
  <datafield ind2=" " tag="100" ind1="1">
    <subfield code="9">66</subfield>
    <subfield code="a">Gómez, Adriana</subfield>
  </datafield>
  <datafield tag="245" ind1="1" ind2="0">
    <subfield code="a">Dos voces latinoamericanas hablan por y para las mujeres /</subfield>
    <subfield code="c">Entrevistas realizadas por Adriana Gómez</subfield>
  </datafield>
  <datafield ind1=" " tag="260" ind2=" ">
    <subfield code="a">Chile :</subfield>
    <subfield code="b">Red de Salud de las mujeres latinoamericanas y del caribe,</subfield>
    <subfield code="c">1998</subfield>
  </datafield>
  <datafield tag="300" ind1=" " ind2=" ">
    <subfield code="a">páginas 3-12</subfield>
  </datafield>
  <datafield tag="600" ind1=" " ind2="0">
    <subfield code="9">2371</subfield>
    <subfield code="a">HIERRO, GRACIELA</subfield>
  </datafield>
  <datafield tag="600" ind1=" " ind2="0">
    <subfield code="9">2372</subfield>
    <subfield code="a">SOLÍS, DORIS</subfield>
  </datafield>
  <datafield ind2="4" tag="650" ind1="1">
    <subfield code="9">55</subfield>
    <subfield code="a">MUJERES</subfield>
  </datafield>
  <datafield ind2="4" tag="650" ind1="1">
    <subfield code="9">81</subfield>
    <subfield code="a">ENTREVISTAS</subfield>
  </datafield>
  <datafield ind1="0" tag="773" ind2=" ">
    <subfield code="d">Chile : Red de Salud de las Mujeres Lationamericanas 1997-</subfield>
    <subfield code="o">R0031</subfield>
    <subfield code="t">Revista Mujer Salud</subfield>
    <subfield code="x">0716-8381</subfield>
    <subfield code="g">No.3 (julio-setiembre, 1998)</subfield>
  </datafield>
  <datafield ind2=" " tag="942" ind1=" ">
    <subfield code="2">z</subfield>
    <subfield code="c">10</subfield>
  </datafield>
</record>